% Encoding: UTF-8

% AffectiveVR
% List of literature relevant to the whole project
% Additional *.bib files could contain publication specific references

@Article{Gorgolewski2016,
  author    = {Krzysztof J. Gorgolewski and Tibor Auer and Vince D. Calhoun and R. Cameron Craddock and Samir Das and Eugene P. Duff and Guillaume Flandin and Satrajit S. Ghosh and Tristan Glatard and Yaroslav O. Halchenko and Daniel A. Handwerker and Michael Hanke and David Keator and Xiangrui Li and Zachary Michael and Camille Maumet and B. Nolan Nichols and Thomas E. Nichols and John Pellman and Jean-Baptiste Poline and Ariel Rokem and Gunnar Schaefer and Vanessa Sochat and William Triplett and Jessica A. Turner and GaÃ«l Varoquaux and Russell A. Poldrack},
  title     = {The brain imaging data structure, a format for organizing and describing outputs of neuroimaging experiments},
  journal   = {Scientific Data},
  year      = {2016},
  volume    = {3},
  pages     = {160044},
  month     = {jun},
  doi       = {10.1038/sdata.2016.44},
  file      = {:./pdfs/Gorgolewski et al. - The brain imaging data structure, a format for organizing and describing outputs of neuroimaging experiments - Scientific Data, 2016.pdf:PDF},
  publisher = {Springer Nature},
}
